2601 3084
220 1022 355 1112 Etsi
389 1063 703 1128 grammatica
723 1062 910 1112 Graeca
943 1077 1107 1128 nuper
1135 1063 1189 1110 in
1215 1063 1477 1112 Germania
1509 1064 1818 1130 potissimum
1852 1075 2019 1113 nostra
2054 1075 2162 1113 tan-

220 1145 298 1181 tos
316 1131 479 1180 habuit
513 1141 810 1195 progressus,
844 1142 898 1176 ut
917 1131 957 1177 si
987 1142 1118 1178 retro
1156 1131 1214 1178 ad
1234 1133 1523 1179 tenuitatem
1555 1134 1863 1197 superiorum
1884 1144 2161 1197 temporum

219 1210 513 1263 spectemus,
550 1212 708 1262 prope
742 1194 978 1254 absoluta,
1013 1198 1055 1243 si
1088 1211 1202 1244 vero
1235 1196 1300 1244 ad
1334 1197 1413 1255 id,
1449 1197 1586 1264 quod
1631 1197 1886 1263 profitetur
1921 1210 1971 1247 et
2004 1213 2158 1264 spon-

219 1265 319 1324 det,
355 1276 489 1312 certe
522 1262 837 1326 probabiliter
869 1261 1096 1310 inchoata
1127 1262 1357 1322 videatur,
1391 1276 1559 1322 tamen
1593 1280 1660 1311 ne
1691 1281 1817 1311 unus
1853 1265 2066 1329 quidem,
2103 1266 2159 1310 in

220 1347 279 1379 ea
310 1332 590 1395 praesertim
620 1341 781 1393 parte,
832 1343 932 1394 que
971 1328 1297 1395 etymologica
1332 1330 1531 1388 dicitur,
1574 1333 1842 1395 reperiatur
1884 1331 2048 1389 locus,
2087 1329 2154 1380 de

218 1414 319 1464 quo
352 1411 458 1442 non
492 1393 644 1460 multa
682 1393 820 1459 plura
853 1395 952 1441 dici
985 1407 1035 1440 et
1066 1399 1259 1459 possint
1301 1408 1351 1444 et
1396 1395 1635 1455 debeant,
1673 1413 1817 1460 quarn
1851 1394 2094 1444 hactenus
2129 1414 2155 1444 a

217 1462 541 1529 grammaticis
593 1460 874 1513 doctor-ibus
930 1458 1107 1506 tradita
1147 1473 1275 1509 sunt.
1352 1461 1523 1509 Nullus
1567 1475 1731 1508 autem
1772 1460 1983 1509 habetur
2015 1461 2154 1509 locus

216 1542 300 1578 aut
332 1526 508 1576 ordine
541 1529 703 1591 prior,
736 1538 820 1572 aut
851 1523 916 1572 ad
949 1541 1091 1572 usum
1134 1528 1289 1592 magis
1320 1529 1657 1587 necessarius„
1680 1544 1823 1593 quam
1860 1530 1945 1593 qui
1979 1540 2053 1576 est
2091 1526 2157 1575 :le

214 1595 564 1644 terminatione
608 1591 962 1641 vocabulorum
1010 1593 1199 1657 primae
1253 1592 1611 1641 declinationes
1660 1610 1899 1658 purorum
1952 1606 2003 1642 et
2045 1609 2155 1640 non

218 1675 467 1728 purorum,
503 1674 713 1724 quorum
747 1658 869 1706 haec
902 1674 936 1705 s.
958 1673 1003 1707 v.
1037 1654 1273 1705 Κίσσοαθσι
1306 1659 1616 1708 tractabimus
1636 1677 1654 1717 ;·
1685 1660 1749 1707 de
1782 1658 1936 1708 altero
1966 1674 2153 1724 genere

217 1744 346 1795 quae
378 1724 593 1775 dicenda
628 1724 885 1780 habemus,
920 1740 1074 1790 quum
1107 1723 1231 1771 nihil
1263 1727 1474 1786 intersit,
1526 1746 1550 1774 a
1595 1741 1695 1792 quo
1737 1728 2035 1792 principium
2078 1742 2153 1774 ca-

217 1800 424 1863 piamus,
464 1792 524 1839 ad
559 1809 603 1840 v.
638 1789 800 1841 Ικετείαι
834 1803 1073 1855 tanquam
1103 1790 1165 1836 ad
1204 1805 1346 1856 caput
1376 1792 1661 1842 referemus.
1773 1849 1776 1852 Δ

362 1858 664 1923 Phrynichus
716 1859 769 1904 in
822 1858 1064 1922 principio
1106 1855 1422 1922 Eclogarum‚
1472 1866 1639 1918 ἱκεσία,
1696 1859 1881 1925 inquit,
1935 1849 2146 1917 οἰδῶαμον.

220 1924 378 1975 ἱκετεία.
420 1920 502 1982 ὃέ;
559 1938 608 1971 et
658 1926 711 1970 in
753 1926 882 1988 App.
931 1923 1083 1986 Soph.
1143 1940 1192 1987 Ρ.
1247 1936 1328 1983 44.
1390 1923 1548 1970 ἱκετεία,
1602 1920 1676 1971 διαὶ
1726 1927 1806 1975 τοῦ
1850 1929 1937 1983 ᾧ,χ
1972 1924 2021 1970 ου’
2072 1919 2146 1970 διαὶ

219 1991 294 2039 τοῦ
332 1996 386 2051 ἶ,
468 1987 646 2040 ἱκεσίους
697 1988 838 2048 μέντοι
888 1994 1013 2041 >tc-rag
1063 1986 1132 2046 aa)
1187 1989 1348 2050 λόγους
1400 1987 1582 2041 ἱκεσίους
1631 2008 1660 2037 a
1704 2008 1806 2056 quo
1851 1990 2006 2054 longe
2048 1988 2148 2037 dis-

220 2062 375 2107 sentit
424 2056 647 2103 Thomas
696 2058 786 2103 M:
845 2052 1020 2102 mecla:
1073 2054 1143 2112 naq*
1196 2053 1398 2115 ἱκέτευμα
1446 2050 1695 2107 Θοωαὸίδης.
1775 2059 1850 2105 Re
1913 2058 2146 2120 utrinque

221 2127 420 2189 cognita
472 2139 568 2170 nec
616 2123 811 2170 Pauwio
860 2119 1305 2185 obtemperandum
1367 2134 1487 2188 puto
1510 2157 1521 2175 ‚
1577 2124 1663 2186 qui
1710 2122 1992 2183 Phrynicho
2046 2118 2146 2168 suf-

215 2189 411 2255 fragans
462 2188 710 2234 Thomam
760 2188 978 2249 corrigit,
1025 2203 1194 2250 neque
1229 2185 1599 2251 Oudendorpio
1643 2191 1909 2248 assentior,
1954 2190 2040 2252 qui
2075 2186 2144 2235 ob

217 2254 442 2321 exempla
463 2289 476 2312 ,
535 2269 665 2318 quae
724 2250 1049 2301 Hoeschelius
1123 2249 1289 2311 affert,
1356 2253 1686 2314 Phrynichum
1741 2256 1912 2310 erroris
1965 2254 2140 2317 arguit.

218 2327 450 2387 Namque
481 2318 716 2379 Thomas,
750 2314 801 2369 τὸ
828 2314 984 2366 ἱκετεία
1017 2334 1184 2384 neque
1218 2317 1435 2384 probans
1468 2336 1634 2386 neque
1667 2320 1978 2386 improbans,
2025 2316 2147 2367 nihil

219 2388 344 2440 aliud
380 2402 526 2452 quam
561 2384 701 2433 ἱκεσία
730 2383 908 2444 laudat,
944 2388 1269 2433 recentiorum
1304 2388 1656 2445 Atticistarurn,
1699 2392 1766 2434 uti
1801 2386 1943 2446 solet,
1978 2398 2149 2434 aucto-

217 2460 405 2508 ritatem
435 2465 685 2519 sequutus»,
719 2450 851 2519 apud
887 2467 1012 2518 quos
1033 2450 1130 2501 hoc
1162 2451 1333 2503 crebro
1368 2455 1422 2502 in
1455 2470 1544 2502 usu
1573 2466 1668 2514 est,
1704 2456 1915 2506 maxime
1934 2466 2146 2503 numero
